
@article{andi,
  author = {Haubold, Bernhard and Kl√∂tzl, Fabian and Pfaffelhuber, Peter}, 
  title = {andi: Fast and accurate estimation of evolutionary distances between closely related genomes},
  year = {2014}, 
  doi = {10.1093/bioinformatics/btu815}, 
  URL = {http://bioinformatics.oxfordjournals.org/content/early/2014/12/10/bioinformatics.btu815.abstract}, 
  eprint = {http://bioinformatics.oxfordjournals.org/content/early/2014/12/10/bioinformatics.btu815.full.pdf+html}, 
  journal = {Bioinformatics},
  volume={}
}

@manual{up2bit,
	author={John Longinotto},
	title={up2bit format},
	year={2015},
	url={https://github.com/JohnLonginotto/ACGTrie/blob/master/docs/UP2BIT.md}
}

@techreport{bench,
	author={Google},
	title={A microbenchmark support library},
	year=2016,
	institution={GitHub},
	url={https://github.com/google/benchmark}
}

@techreport{perf,
	author={Linux~Kernel~Developers},
	title={perf},
	year=2016
}


@misc{min,
	author={Andrei Alexandrescu},
	title={Writing Fast Code I},
	year={2015}
}
